@online{mount,
    author = "ManPages",
    title = "Debian Manpages - mount(8) - mount",
    url  = "https://manpages.debian.org/testing/mount/mount.8.en.html",
    addendum = "(accessed: 29.11.2020)",
    keywords = "debian,mount"
}

@online{raid,
    author = "Server World",
    title = "CentOS 7 - Configure RAID 1",
    url  = "https://www.server-world.info/en/note?os=CentOS_7&p=raid1",
    addendum = "(accessed: 06.06.2021)",
    keywords = "centos,raid"
}

@online{lvm,
    author = "Debian Wiki",
    title = "Debian - Configure LVM",
    url  = "https://wiki.debian.org/es/LVM",
    addendum = "(accessed: 08.06.2021)",
    keywords = "debian,lvm"
}

@online{nisserver,
    author = "Server World",
    title = "Debian 7.0 Wheezy - Configure NIS Server",
    url  = "https://www.server-world.info/en/note?os=Debian_7.0&p=nis&f=1",
    addendum = "(accessed: 20.06.2021)",
    keywords = "debian,nis"
}

@online{nisclient,
    author = "Server World",
    title = "Debian 7.0 Wheezy - Configure NIS Client",
    url  = "https://www.server-world.info/en/note?os=Debian_7.0&p=nis&f=2",
    addendum = "(accessed: 20.06.2021)",
    keywords = "debian,nis"
}

@manual{enunciado,
    title        = {Administración de sistemas UNIX - Proyecto práctico },
    subtitle     = {Script maestro para la configuración de un cluster Linux},
    author       = {Cebrián Márquez, Gabriel}
}